@article{1,
author={author},
title={title},
journal={journal},
volume={1},
number={1-2},
year={2018},
abstract={这是一个参考文献}}